@article{bhatore2020machine,
  title={Machine learning techniques for credit risk evaluation: a systematic literature review},
  author={Bhatore, Siddharth and Mohan, Lalit and Reddy, Y Raghu},
  journal={Journal of Banking and Financial Technology},
  volume={4},
  pages={111--138},
  year={2020},
  publisher={Springer}
}

@article{sigrist2023machine,
  title={Machine learning for corporate default risk: Multi-period prediction, frailty correlation, loan portfolios, and tail probabilities},
  author={Sigrist, Fabio and Leuenberger, Nicola},
  journal={European Journal of Operational Research},
  volume={305},
  number={3},
  pages={1390--1406},
  year={2023},
  publisher={Elsevier}
}

@article{moradi2019dynamic,
  title={A dynamic credit risk assessment model with data mining techniques: evidence from Iranian banks},
  author={Moradi, Saba and Mokhatab Rafiei, Farimah},
  journal={Financial Innovation},
  volume={5},
  number={1},
  pages={1--27},
  year={2019},
  publisher={Springer}
}

@article{li2023new,
  title={A new representation learning approach for credit data analysis},
  author={Li, Tie and Kou, Gang and Peng, Yi},
  journal={Information Sciences},
  volume={627},
  pages={115--131},
  year={2023},
  publisher={Elsevier}
}

@article{zhu2023explainable,
  title={Explainable prediction of loan default based on machine learning models},
  author={Zhu, Xu and Chu, Qingyong and Song, Xinchang and Hu, Ping and Peng, Lu},
  journal={Data Science and Management},
  year={2023},
  publisher={Elsevier}
}

@article{dumitrescu2022machine,
  title={Machine learning for credit scoring: Improving logistic regression with non-linear decision-tree effects},
  author={Dumitrescu, Elena and Hu{\'e}, Sullivan and Hurlin, Christophe and Tokpavi, Sessi},
  journal={European Journal of Operational Research},
  volume={297},
  number={3},
  pages={1178--1192},
  year={2022},
  publisher={Elsevier}
}

@article{alzamora2022assertive,
  title={An Assertive Machine Learning Model for Rural Micro Credit Assessment in Peru},
  author={Alzamora, Guina Sotomayor and Aceituno-Rojo, Miguel Romilio and Condori-Alejo, Henry Ivan},
  journal={Procedia Computer Science},
  volume={202},
  pages={301--306},
  year={2022},
  publisher={Elsevier}
}

@article{bitetto2023machine,
  title={Machine learning and credit risk: Empirical evidence from small-and mid-sized businesses},
  author={Bitetto, Alessandro and Cerchiello, Paola and Filomeni, Stefano and Tanda, Alessandra and Tarantino, Barbara},
  journal={Socio-Economic Planning Sciences},
  pages={101746},
  year={2023},
  publisher={Elsevier}
}

@article{gonzalez2023forecasting,
  title={Forecasting for regulatory credit loss derived from the COVID-19 pandemic: A machine learning approach},
  author={Gonz{\'a}lez, Marta Ramos and Ure{\~n}a, Antonio Partal and Fern{\'a}ndez-Aguado, Pilar G{\'o}mez},
  journal={Research in International Business and Finance},
  volume={64},
  pages={101907},
  year={2023},
  publisher={Elsevier}
}

@article{wang2023national,
  title={National student loans default risk prediction: A heterogeneous ensemble learning approach and the SHAP method},
  author={Wang, Yuan and Zhang, Yanbo and Liang, Mengkun and Yuan, Ruixue and Feng, Jie and Wu, Jun},
  journal={Computers and Education: Artificial Intelligence},
  volume={5},
  pages={100166},
  year={2023},
  publisher={Elsevier}
}

@article{srinath2022explainable,
  title={Explainable machine learning in identifying credit card defaulters},
  author={Srinath, Tanmay and Gururaja, HS},
  journal={Global Transitions Proceedings},
  volume={3},
  number={1},
  pages={119--126},
  year={2022},
  publisher={Elsevier}
}

@article{maloney2022two,
  title={Two class Bayes point machines in repayment prediction of low credit borrowers},
  author={Maloney, David and Hong, Sung-Chul and Nag, Barin N},
  journal={Heliyon},
  volume={8},
  number={11},
  year={2022},
  publisher={Elsevier}
}